@book{dehdari2014neurophysiologically,
  title={A Neurophysiologically-Inspired Statistical Language Model},
  author={Dehdari, Jonathan},
  year={2014},
  publisher={The Ohio State University}
}

@misc{WikiExtractor,
	title = {WikiExtractor},
	author = {Attardi, Giuseppe},
	year={2015},
	howpublished = {\url{https://github.com/attardi/wikiextractor}},
	note = {Accessed: 08.05.2018}
}

@article{piantadosi2014zipf,
	title={Zipfâ€™s word frequency law in natural language: A critical review and future directions},
	author={Piantadosi, Steven T},
	journal={Psychonomic bulletin \& review},
	volume={21},
	number={5},
	pages={1112--1130},
	year={2014},
	publisher={Springer}
}

@article{corral2009universal,
	title={Universal complex structures in written language},
	author={Corral, Alvaro and Ferrer-i-Cancho, Ramon and Boleda, Gemma and Diaz-Guilera, Albert},
	journal={arXiv preprint arXiv:0901.2924},
	year={2009}
}

@article{serrano2009beyond,
	title={Beyond zipf's law: Modeling the structure of human language},
	author={Serrano, M and Flammini, Alessandro and Menczer, Filippo},
	journal={arXiv preprint arXiv:0902.0606},
	year={2009}
}
